@article{kuhn,
  title={Constant-time distributed dominating set approximation},
  author={Kuhn, Fabian and Wattenhofer, Roger},
  journal={Distributed Computing},
  volume={17},
  number={4},
  pages={303-310},
  year={2005},
  publisher={Springer}
}

@misc{simulator, 
    title={Radboud SNN Simulator}, 
    author={Radboud University},
    howpublished = {\url{https://gitlab.socsci.ru.nl/snnsimulator/simsnn}},
    url={https://gitlab.socsci.ru.nl/snnsimulator/simsnn}
  }
  

@misc{ali2019spiking,
      title={A spiking neural algorithm for the Network Flow problem}, 
      author={Abdullahi Ali and Johan Kwisthout},
      year={2019},
      preprint={1911.13097},
      archivePrefix={arXiv},
      primaryClass={cs.NE}
}

@article{Shrinivas2010,
author = {S G Shrinivas and Vetrivel, S and Elango, N},
year = {2010},
month = {09},
pages = {},
title = {APPLICATIONS OF GRAPH THEORY IN COMPUTER SCIENCE AN OVERVIEW},
volume = {2},
journal = {International Journal of Engineering Science and Technology}
}

@INPROCEEDINGS{yakopcic2020,
  author={C. {Yakopcic} and N. {Rahman} and T. {Atahary} and T. M. {Taha} and S. {Douglass}},
  booktitle={2020 Design, Automation \& Test in Europe Conference \& Exhibition (DATE)}, 
  title={Solving Constraint Satisfaction Problems Using the Loihi Spiking Neuromorphic Processor}, 
  year={2020},
  volume={},
  number={},
  pages={1079-1084},
  doi={10.23919/DATE48585.2020.9116227}}
  
@inproceedings{kay2020,
author = {Kay, Bill and Date, Prasanna and Schuman, Catherine},
title = {Neuromorphic Graph Algorithms: Extracting Longest Shortest Paths and Minimum Spanning Trees},
year = {2020},
isbn = {9781450377188},
publisher = {Association for Computing Machinery},
address = {New York, NY, USA},
url = {https://doi.org/10.1145/3381755.3381762},
doi = {10.1145/3381755.3381762},
booktitle = {Proceedings of the Neuro-Inspired Computational Elements Workshop},
articleno = {6},
numpages = {6},
keywords = {Minimum Spanning Trees, Neuromorphic Computing, Graph Algorithms, Longest Shortest Path},
location = {Heidelberg, Germany},
series = {NICE '20}
}
@inproceedings{kwisthout2020,
author = {Kwisthout, Johan and Donselaar, Nils},
title = {On the Computational Power and Complexity of Spiking Neural Networks},
year = {2020},
isbn = {9781450377188},
publisher = {Association for Computing Machinery},
address = {New York, NY, USA},
url = {https://doi.org/10.1145/3381755.3381760},
doi = {10.1145/3381755.3381760},
booktitle = {Proceedings of the Neuro-Inspired Computational Elements Workshop},
articleno = {4},
numpages = {7},
keywords = {neuromorphic computation, spiking neural networks, structural complexity theory},
location = {Heidelberg, Germany},
series = {NICE '20}
}
@article{bekolay2014,
author = {Bekolay, Trevor and Bergstra, James and Hunsberger, Eric and Dewolf, Travis and Stewart, Terrence and Rasmussen, Daniel and Choo, Xuan and Voelker, Aaron and Eliasmith, Chris},
year = {2014},
month = {01},
pages = {48},
title = {Nengo: A Python tool for building large-scale functional brain models},
volume = {7},
journal = {Frontiers in neuroinformatics},
doi = {10.3389/fninf.2013.00048}
}


@article{maass1996lower,
  title={Lower bounds for the computational power of networks of spiking neurons},
  author={Maass, Wolfgang},
  journal={Neural computation},
  volume={8},
  number={1},
  pages={1--40},
  year={1996},
  publisher={MIT Press}
}

@phdthesis{kann1992approximability,
  title={On the approximability of NP-complete optimization problems},
  author={Kann, Viggo},
  year={1992},
  school={Citeseer}
}
@techreport{vanRooij2009design,
  title={Design by Measure and Conquer: Exact algorithms for dominating set},
  author={Van Rooij, Johan MM and Bodlaender, Hans L},
  year={2009},
  institution={Tech. rep., UU-CS-2009-025, Utrecht University, The Netherlands}
}

@article{davies2018loihi,
  title={Loihi: A neuromorphic manycore processor with on-chip learning},
  author={Davies, Mike and Srinivasa, Narayan and Lin, Tsung-Han and Chinya, Gautham and Cao, Yongqiang and Choday, Sri Harsha and Dimou, Georgios and Joshi, Prasad and Imam, Nabil and Jain, Shweta and others},
  journal={Ieee Micro},
  volume={38},
  number={1},
  pages={82--99},
  year={2018},
  publisher={IEEE}
}

@book{computer_intractability,
  title={Computers and intractability},
  author={Garey, Michael R and Johnson, David S},
  volume={174},
  year={1979},
  publisher={freeman San Francisco}
}

@article{chen2015mxnet,
  title={Mxnet: A flexible and efficient machine learning library for heterogeneous distributed systems},
  author={Chen, Tianqi and Li, Mu and Li, Yutian and Lin, Min and Wang, Naiyan and Wang, Minjie and Xiao, Tianjun and Xu, Bing and Zhang, Chiyuan and Zhang, Zheng},
  journal={arXiv preprint arXiv:1512.01274},
  year={2015}
}

@inproceedings{xu2016generalized,
  title={Generalized minimum dominating set and application in automatic text summarization},
  author={Xu, Yi-Zhi and Zhou, Hai-Jun},
  booktitle={Journal of Physics: Conference Series},
  volume={699},
  pages={012014},
  year={2016},
  organization={IOP Publishing}
}

@article{karbasi2013application,
  title={Application of dominating sets in wireless sensor networks},
  author={Karbasi, Amir Hassani and Atani, Reza Ebrahimi},
  journal={Int. J. Secur. Its Appl},
  volume={7},
  pages={185--202},
  year={2013}
}
@book{algorithmscormen,
  title={Introduction to algorithms},
  author={Cormen, Thomas H and Leiserson, Charles E and Rivest, Ronald L and Stein, Clifford},
  year={2009},
  publisher={MIT press}
}

@article{li2020performance,
  title={A Performance Study of Some Approximation Algorithms for Computing a Small Dominating Set in a Graph},
  author={Li, Jonathan and Potru, Rohan and Shahrokhi, Farhad},
  journal={Algorithms},
  volume={13},
  number={12},
  pages={339},
  year={2020},
  publisher={Multidisciplinary Digital Publishing Institute}
}

@misc{nengo, 
    title={Nengo Brain Maker}, 
    howpublished = {\url{https://www.nengo.ai/}},
  }

@inproceedings{aimone2019dynamic,
  title={Dynamic programming with spiking neural computing},
  author={Aimone, James B and Parekh, Ojas and Phillips, Cynthia A and Pinar, Ali and Severa, William and Xu, Helen},
  booktitle={Proceedings of the International Conference on Neuromorphic Systems},
  pages={1--9},
  year={2019}
}

%%%% BELOW ARE MOCK / EXAMPLE REFERENCES
---------------------------------


@misc{apollo_radiation,
  title = {Apollo radiatino analysis},
  howpublished = {\url{http://web.archive.org/web/20160301115931/http://www.braeunig.us/apollo/VABraddose.htm}},
  note = {Accessed: 2018-04-27}
} 

@book{made_to_stick,
	author = "C. Heath",
    title = "Made to stick" ,
    publisher = "Random House US",
    year = {September 2010},
}


@misc{dataset_sealeavel,
  title = {Global Mean Sea Level Time Series (seasonal signals retained)},
  howpublished = {\url{http://sealevel.colorado.edu/content/2018rel1-global-mean-sea-level-time-series-seasonal-signals-retained}},
  note = {Accessed: 2019-09-10}
}

@misc{lecture_notes,
	author = "Dr. Ir. E. Schrama",
    title = "Lecture notes on Planetary sciences and Satellite Orbit
Determination" ,
    publisher = "Delft University of Technology",
    year = {September 2019},
}

@misc{lecture2,
	author = "Dr. D. Stam",
    title = "Lecture 2 of AE4890-11 Planetary sciences" ,
    publisher = "Delft University of Technology",
    year = {September 2019},
}

@misc{flight_dyn,
	author = "M. Naeije",
    title = "Flight and Orbital Dynamics" ,
    publisher = "Delft University of Technology",
    year = {July 2018},
}
@inproceedings{severa2016spiking,
  title={Spiking network algorithms for scientific computing},
  author={Severa, William and Parekh, Ojas and Carlson, Kristofor D and James, Conrad D and Aimone, James B},
  booktitle={2016 IEEE international conference on rebooting computing (ICRC)},
  pages={1--8},
  year={2016},
  organization={IEEE}
}
@ARTICLE{loihipaper,
  author={Davies, Mike and Wild, Andreas and Orchard, Garrick and Sandamirskaya, Yulia and Guerra, Gabriel A. Fonseca and Joshi, Prasad and Plank, Philipp and Risbud, Sumedh R.},
  journal={Proceedings of the IEEE}, 
  title={Advancing Neuromorphic Computing With Loihi: A Survey of Results and Outlook}, 
  year={2021},
  volume={109},
  number={5},
  pages={911-934},
  doi={10.1109/JPROC.2021.3067593},
}
  

@misc{lava,
    title={LAVA: A software framework for neuromorphic computing},
    author={Intel},
    howpublished={\url{https://github.com/lava-nc}},
    url={https://github.com/lava-nc},
}

@misc{errors_MSL,
  title = {Validation and Estimation of MSL Altimetry Errors},
  howpublished = {\url{https://www.aviso.altimetry.fr/index.php?id=1627}},
  note = {Accessed: 2019-09-14},
  }
  
@book{solar_cycles,
author = "J. D. Haigh",
title = "The Earth’s Climate and Its Response to Solar Variability",
publisher = "Springer, Berlin, Heidelberg",
year = {Vol 34, 2005}
}

@book{normality_boundaries,
author = "George and Mallery",
title = "SPSS for Windows Step by Step: A Simple Guide and Reference",
publisher = "Boston: Pearson",
year = {2010}
}

@article{deeplearning_snn,
  title={Deep learning in spiking neural networks},
  author={Tavanaei, Amirhossein and Ghodrati, Masoud and Kheradpisheh, Saeed Reza and Masquelier, Timoth{\'e}e and Maida, Anthony},
  journal={Neural Networks},
  volume={111},
  pages={47--63},
  year={2019},
  publisher={Elsevier}
}

@inproceedings{roy2013, 
year = {2013}, 
keywords = {energy efficient algorithms,parallel disk i/o model}, 
author = {Roy, Swapnoneel and Rudra, Atri and Verma, Akshat}, 
title = {{An Energy Complexity Model for Algorithms}}, 
booktitle = {Proceedings of the 4th Conference on Innovations in Theoretical Computer Science}, 
isbn = {9781450318594}, 
doi = {10.1145/2422436.2422470}, 
url = {https://doi.org/10.1145/2422436.2422470}, 
pages = {283–304}, 
series = {ITCS '13}, 
publisher = {Association for Computing Machinery}, 
address = {New York, NY, USA}
}

@inproceedings{tran2013, 
year = {2013}, 
author = {Tran, V. N. and Ha, P. H.}, 
booktitle = {2016 IEEE 22nd International Conference on Parallel and Distributed Systems (ICPADS)},
title = {ICE: A General and Validated Energy Complexity Model for Multithreaded Algorithms}, 
isbn = {9781509053827}, 
doi = {10.1109/icpads.2016.0138}, 
pages = {1041--1048}, 
series = {2016 IEEE 22nd International Conference on Parallel and Distributed Systems (ICPADS)}, 
month = {01}
}

@book{sipser2012, 
year = {2012}, 
title = {{Introduction to the Theory of Computation}}, 
author = {Sipser, M.}, 
url = {https://books.google.nl/books?id=1aMKAAAAQBAJ}, 
publisher = {Cengage Learning}, 
keywords = {}, 
month = {01}
}

@article{marti2016, 
year = {2016}, 
title = {{Energy-Efficient Neuromorphic Classifiers}}, 
author = {Martí, Daniel and Rigotti, Mattia and Seok, Mingoo and Fusi, Stefano}, 
journal = {Neural Computation}, 
issn = {0899-7667}, 
doi = {10.1162/neco\_a\_00882}, 
pmid = {27557100}, 
url = {https://doi.org/10.1162/NECO\_a\_00882}, 
pages = {2011--2044}, 
number = {10}, 
volume = {28}, 
note = {doi: 10.1162/NECO\_a\_00882}, 
keywords = {}, 
month = {10}
}

@article{neuronal_encoding,
  title={The neuronal encoding of information in the brain},
  author={Rolls, Edmund T and Treves, Alessandro},
  journal={Progress in neurobiology},
  volume={95},
  number={3},
  pages={448--490},
  year={2011},
  publisher={Elsevier}
}

@book{kshemkalyani2011distributed,
  title={Distributed computing: principles, algorithms, and systems},
  author={Kshemkalyani, Ajay D and Singhal, Mukesh},
  year={2011},
  publisher={Cambridge University Press}
}


@misc{doi_to_github,
  author = {Anonymous author(s)},
  title = {SNN Implementation Of Dominating Set Approximation},
  year = {2021},
  publisher = {GitHub},
  journal = {GitHub repository},
  howpublished = {\url{https://github.com/a-t-0/spiking-neural-network-of-dominating-set-approximation}},
  commit = {b3c22ed70bc30fcf714befef94659d51a42d42fd},
  doi={10.5281/zenodo.5496091}
}